% ======================== Libros ============================== 
@book{mcconnell_96,
   title =     {Rapid Development: Taming Wild Software Schedules},
   author =    {Steve McConnell},
   publisher = {Microsoft Press},
   isbn =      {1556159005,9781556159008},
   year =      {1996},
   series =    {},
   edition =   {1},
   volume =    {}
}

% ======================== Im√°genes ==============================
@misc{kissflow_2018, 
    title={Rapid Application Development: Definition, Steps, Advantages and Case Study}, 
    url={https://kissflow.com/rad/rapid-application-development/},
    journal={Kissflow}, 
    author={Kissflow}, 
    year={2018},
    month={Oct}
}

